<?xml version="1.0" encoding="UTF-8"?><record xmlns="http://www.loc.gov/MARC21/slim" xmlns:cinclude="http://apache.org/cocoon/include/1.0" xmlns:zs="http://www.loc.gov/zing/srw/">
  <leader>00472cz  a2200145n  4500</leader>
  <controlfield tag="001">n  94040140 </controlfield>
  <controlfield tag="003">DLC</controlfield>
  <controlfield tag="005">19970322142840.4</controlfield>
  <controlfield tag="008">940425n| acannaab|          |a aaa ||| c</controlfield>
  <datafield tag="010" ind1=" " ind2=" ">
    <subfield code="a">n  94040140 </subfield>
  </datafield>
  <datafield tag="040" ind1=" " ind2=" ">
    <subfield code="a">CU</subfield>
    <subfield code="c">CU</subfield>
    <subfield code="d">DLC</subfield>
  </datafield>
  <datafield tag="100" ind1="1" ind2="0">
    <subfield code="a">Mamulov, S. S.</subfield>
  </datafield>
  <datafield tag="400" ind1="1" ind2="0">
    <subfield code="a">Mamulov, Sergeĭ Sergeevich</subfield>
  </datafield>
  <datafield tag="670" ind1=" " ind2=" ">
    <subfield code="a">Udivitelʹnyĭ narod iz strany chudes, 1993:</subfield>
    <subfield code="b">t.p. (Mamulov S.S.)</subfield>
  </datafield>
  <datafield tag="670" ind1=" " ind2=" ">
    <subfield code="a">Armi︠a︡ne v Gruzii, 1995:</subfield>
    <subfield code="b">t.p. (S.S. Mamulov) colophon (Mamulov, Sergeĭ Sergeevich)</subfield>
  </datafield>
</record>